<record><leader>00000cas a22000007a 4500</leader><controlfield tag="001">18886358</controlfield><controlfield tag="008">881212d19231924ndumr ne      0    0eng d</controlfield><datafield ind1=" " ind2=" " tag="010"><subfield code="a">sn 88076744 </subfield></datafield><datafield ind1=" " ind2=" " tag="040"><subfield code="a">NOP</subfield><subfield code="b">eng</subfield><subfield code="c">NOP</subfield><subfield code="d">OCLCQ</subfield></datafield><datafield ind1="0" ind2="4" tag="245"><subfield code="a">The Cooperstown golden rule bulletin.</subfield></datafield><datafield ind1="3" ind2="0" tag="246"><subfield code="a">Cooperstown trade week journal and golden rule bulletin</subfield></datafield><datafield ind1=" " ind2=" " tag="260"><subfield code="a">Cooperstown, N.D. :</subfield><subfield code="b">[s.n.]</subfield></datafield><datafield ind1=" " ind2=" " tag="300"><subfield code="a">v. ;</subfield><subfield code="c">45 cm.</subfield></datafield><datafield ind1=" " ind2=" " tag="310"><subfield code="a">Monthly</subfield></datafield><datafield ind1="0" ind2=" " tag="362"><subfield code="a">No. 1 (Sept. 1923)-</subfield></datafield><datafield ind1="1" ind2=" " tag="362"><subfield code="a">Ceased with no. 12, Aug. 1924?</subfield></datafield><datafield ind1=" " ind2=" " tag="500"><subfield code="a">Title varies, Nov. 1923, The Cooperstown trade week journal and golden rule bulletin.</subfield></datafield><datafield ind1=" " ind2=" " tag="530"><subfield code="a">Available on microfilm from the State Historical Society of North Dakota.</subfield></datafield><datafield ind1=" " ind2=" " tag="580"><subfield code="a">Issued with: Griggs County sentinel-courier, Sept. 1923-Aug. 1924.</subfield></datafield><datafield ind1=" " ind2=" " tag="752"><subfield code="a">United States</subfield><subfield code="b">North Dakota</subfield><subfield code="c">Griggs</subfield><subfield code="d">Cooperstown.</subfield></datafield><datafield ind1="1" ind2=" " tag="777"><subfield code="t">Griggs County sentinel-courier</subfield><subfield code="w">(DLC)sn 88076343</subfield></datafield></record>